@article{crf,
author = {Lafferty, John and Mccallum, Andrew and Pereira, Fernando},
year = {2002},
month = {01},
pages = {},
title = {Conditional Random Fields: Probabilistic Models for Segmenting and Labeling Sequence Data},
booktitle = {Proc ICML}
}

@InProceedings{p1,
  author =	{	Sun, Weiwei and Sui, Zhifang and Wang, Meng and Wang, Xin},
  title =    "Chinese semantic role labeling with shallow parsing",
  booktitle = 	    "Proceedings of the 2009 Conference on Empirical Methods in Natural Language Processing",
  year =    "2009",
  pages =   "1475-1483"
}

@article{p2,
	year = "2008",
	author = {Punyakanok, Vasin and Roth, Dan and Yih, Wen-tau},
	journal = {Computational Linguistics},
	volume = "34",
	number = "2",
	pages = "257--287"
}

@InProceedings{conll05,
  author =	{Carreras, Xiavier and Marquez, Lluis},
  title =    "Introduction to the CoNLL-2005 shared task: semantic role labeling",
  booktitle = 	    "Proceedings of the Ninth Conference on Computational Natural Language Learning",
  year =    "2005",
  pages =   "152-164"
}

@InProceedings{SP,
  author =	{Collins, Michael},
  title =    "Discriminative training methods for hidden Markov models: theory and experiments with perceptron algorithms",
  booktitle = 	    "Proceedings of the 2002 Conference on Empirical Methods in Natural Language Processing",
  year =    "2002",
  pages =   "1-8"
}
